<?xml version="1.0" encoding="UTF-8"?><collection xmlns="http://www.loc.gov/MARC21/slim"><record><leader>00537nam--2200133-i-4500</leader><controlfield tag="001">000031073</controlfield><controlfield tag="002">20161230</controlfield><controlfield tag="005">20161230201038</controlfield><controlfield tag="008">060222s1000------------r-----000-0-eng-d</controlfield><datafield ind1=" " ind2=" " tag="080"><subfield code="a">541.1.001.4:54.001.4</subfield></datafield><datafield ind1=" " ind2=" " tag="245"><subfield code="a">Manual of symbols and terminology for physicochemical quantities und units. adopted by the iupac council at cortina d`ampezzo, italy, on 7 july 1969</subfield></datafield><datafield ind1=" " ind2=" " tag="260"><subfield code="a">44p</subfield></datafield><datafield ind1=" " ind2=" " tag="490"><subfield code="a">International Union Of Pure And Applied Chemistry. Dsivision Of Physical Chemistry Commission On Symbols, Terminology And Units</subfield></datafield><datafield ind1=" " ind2=" " tag="852"><subfield code="a">42044</subfield></datafield></record></collection>